<record><leader>01232nam a2200385 a 4500</leader><controlfield tag="001">6679526</controlfield><controlfield tag="003">OCoLC</controlfield><controlfield tag="005">20140903154910.0</controlfield><controlfield tag="008">140506t20152015at a          001 0 eng d</controlfield><datafield ind1=" " ind2=" " tag="010"><subfield code="a">  2014937096</subfield></datafield><datafield ind1=" " ind2=" " tag="015"><subfield code="a">GBB454683</subfield><subfield code="2">bnb</subfield></datafield><datafield ind1="7" ind2=" " tag="016"><subfield code="a">016727555</subfield><subfield code="2">Uk</subfield></datafield><datafield ind1=" " ind2=" " tag="020"><subfield code="a">9781305092051 (pbk.)</subfield></datafield><datafield ind1=" " ind2=" " tag="020"><subfield code="a">1305092058 (pbk.)</subfield></datafield><datafield ind1=" " ind2=" " tag="035"><subfield code="a">ocn880772866</subfield></datafield><datafield ind1=" " ind2=" " tag="040"><subfield code="a">UKMGB</subfield><subfield code="b">eng</subfield><subfield code="c">UKMGB</subfield><subfield code="d">OCLCO</subfield><subfield code="d">IUP</subfield><subfield code="d">BTCTA</subfield><subfield code="d">YDXCP</subfield><subfield code="d">CDX</subfield><subfield code="d">UAB</subfield></datafield><datafield ind1="1" ind2="4" tag="050"><subfield code="a">MT580</subfield><subfield code="b">.W515 2015</subfield></datafield><datafield ind1="0" ind2="4" tag="082"><subfield code="a">787.87/19</subfield><subfield code="2">23</subfield></datafield><datafield ind1=" " ind2=" " tag="090"><subfield code="a">MT 580 W515 2015</subfield><subfield code="b">AEU</subfield></datafield><datafield ind1="1" ind2=" " tag="100"><subfield code="a">Williams, Sandy</subfield><subfield code="c">(Guitarist),</subfield><subfield code="e">author.</subfield></datafield><datafield ind1="1" ind2="0" tag="245"><subfield code="a">Live sound for guitar /</subfield><subfield code="c">Sandy Williams.</subfield></datafield><datafield ind1=" " ind2="1" tag="264"><subfield code="a">Boston, MA, USA :</subfield><subfield code="b">Cengage Learning PTR,</subfield><subfield code="c">[2015]</subfield></datafield><datafield ind1=" " ind2="4" tag="264"><subfield code="c">&#169;2015</subfield></datafield><datafield ind1=" " ind2=" " tag="300"><subfield code="a">x, 166 p. :</subfield><subfield code="b">ill. ;</subfield><subfield code="c">24 cm.</subfield></datafield><datafield ind1=" " ind2=" " tag="336"><subfield code="a">text</subfield><subfield code="2">rdacontent</subfield></datafield><datafield ind1=" " ind2=" " tag="337"><subfield code="a">unmediated</subfield><subfield code="2">rdamedia</subfield></datafield><datafield ind1=" " ind2=" " tag="338"><subfield code="a">volume</subfield><subfield code="2">rdacarrier</subfield></datafield><datafield ind1=" " ind2=" " tag="500"><subfield code="a">Includes index.</subfield></datafield><datafield ind1=" " ind2=" " tag="596"><subfield code="a">43</subfield></datafield><datafield ind1=" " ind2="0" tag="650"><subfield code="a">Guitar</subfield><subfield code="x">Acoustics.</subfield></datafield><datafield ind1=" " ind2="0" tag="650"><subfield code="a">Acoustical engineering.</subfield></datafield><datafield ind1=" " ind2="0" tag="650"><subfield code="a">Music</subfield><subfield code="x">Performance.</subfield></datafield><datafield ind1=" " ind2="0" tag="650"><subfield code="a">Concerts.</subfield></datafield><datafield ind1=" " ind2=" " tag="949"><subfield code="a">MT 580 W515 2015</subfield><subfield code="c">1</subfield><subfield code="h">UAHS-MU-B</subfield><subfield code="i">0162035153954</subfield></datafield><datafield ind1=" " ind2=" " tag="926"><subfield code="a">MT 580 W515 2015</subfield><subfield code="w">LC</subfield><subfield code="c">1</subfield><subfield code="i">0162035153954</subfield><subfield code="d">4/5/2017</subfield><subfield code="e">1/31/2017</subfield><subfield code="l">MUSIC</subfield><subfield code="m">UAHSS</subfield><subfield code="n">7</subfield><subfield code="p">$150.00</subfield><subfield code="r">Y</subfield><subfield code="s">Y</subfield><subfield code="t">BOOK</subfield><subfield code="u">9/19/2014</subfield></datafield></record>